<record><leader>00000cas a22000007a 4500</leader><controlfield tag="001">17734700</controlfield><controlfield tag="008">880405d19461966lauwr ne      0    0eng d</controlfield><datafield ind1=" " ind2=" " tag="010"><subfield code="a">sn 88064284 </subfield></datafield><datafield ind1=" " ind2=" " tag="040"><subfield code="a">LNP</subfield><subfield code="b">eng</subfield><subfield code="c">LNP</subfield><subfield code="d">OCLCQ</subfield><subfield code="d">OCLCF</subfield><subfield code="d">OCLCO</subfield></datafield><datafield ind1=" " ind2=" " tag="042"><subfield code="a">msc</subfield></datafield><datafield ind1=" " ind2=" " tag="043"><subfield code="a">n-us-la</subfield></datafield><datafield ind1="0" ind2="4" tag="245"><subfield code="a">The Minden press.</subfield></datafield><datafield ind1="3" ind2="0" tag="246"><subfield code="a">Minden herald</subfield></datafield><datafield ind1=" " ind2=" " tag="260"><subfield code="a">Minden, La. :</subfield><subfield code="b">Clifton E. and Myrtle B. Harper</subfield></datafield><datafield ind1=" " ind2=" " tag="300"><subfield code="a">v.</subfield></datafield><datafield ind1=" " ind2=" " tag="310"><subfield code="a">Weekly</subfield></datafield><datafield ind1="1" ind2=" " tag="362"><subfield code="a">Began in 1946?</subfield></datafield><datafield ind1="0" ind2=" " tag="362"><subfield code="a">-no. 545 (July 11, 1966).</subfield></datafield><datafield ind1=" " ind2=" " tag="500"><subfield code="a">Variant title: The Minden herald, Aug. 20, 1956.</subfield></datafield><datafield ind1=" " ind2=" " tag="515"><subfield code="a">Volume numbering is irregular.</subfield></datafield><datafield ind1=" " ind2=" " tag="588"><subfield code="a">Description based on: Vol. 3, no. 1 (Nov. 23, 1951).</subfield></datafield><datafield ind1=" " ind2="0" tag="651"><subfield code="a">Minden (La.)</subfield><subfield code="v">Newspapers.</subfield></datafield><datafield ind1=" " ind2="7" tag="655"><subfield code="a">Newspapers.</subfield><subfield code="2">fast</subfield><subfield code="0">(OCoLC)fst01423814</subfield></datafield><datafield ind1=" " ind2="7" tag="651"><subfield code="a">Louisiana</subfield><subfield code="z">Minden.</subfield><subfield code="2">fast</subfield><subfield code="0">(OCoLC)fst01217985</subfield></datafield><datafield ind1=" " ind2=" " tag="752"><subfield code="a">United States</subfield><subfield code="b">Louisiana</subfield><subfield code="c">Webster</subfield><subfield code="d">Minden.</subfield></datafield><datafield ind1="0" ind2="7" tag="785"><subfield code="t">Minden herald (Minden, La. : 1956)</subfield><subfield code="w">(DLC)sn 88064285</subfield></datafield><datafield ind1="0" ind2="7" tag="785"><subfield code="t">Minden press-herald</subfield><subfield code="w">(DLC)sn 88064286</subfield></datafield></record>